@manual{bruun,
	author={Bruun, T.},
	title={WebRTC stuff},
	year=2012,
}

@manual {
    title = {RTP Topologies},
    note = {URL: \url{https://tools.ietf.org/html/rfc5117}},
    year = 2008,
    month = jan
}

@manual {
    title = {Extended RTP Profile for Real-Time Transport Control Protocol (RTCP)-based Feedback (RTP/AVPF)},
    note = {URL: \url{https://tools.ietf.org/html/rfc4585}},
    year = 2006,
    month = jul
}

@manual {
    title = {RTP: A Transport Protocol for Real-Time Applications},
    note = {URL: \url{https://tools.ietf.org/html/rfc3550}},
    year = 2003,
    month = jul
}

@manual {
    title = {"Can you SEE me now?", A Measurement Study of Mobile Video Calls},
    note = {URL: \url{http://eeweb.poly.edu/faculty/yongliu/docs/infocom2014.pdf}},
    year = 2014
}
